<?xml version="1.0" encoding="UTF-8"?>
<collection xmlns="http://www.loc.gov/MARC21/slim" xmlns:xsi="http://www.w3.org/2001/XMLSchema-instance" xsi:schemaLocation="http://www.loc.gov/standards/marcxml/schema/MARC21slim.xsd">
  <record type="Bibliographic">
    <leader>     nM2.01200024      h</leader>
    <controlfield tag="001">AC03757771</controlfield>
    <controlfield tag="002">20030630</controlfield>
    <controlfield tag="005">20160912</controlfield>
    <datafield tag="044" ind1="#" ind2="#">
      <subfield code="c">XA-AAAT</subfield>
    </datafield>
    <datafield tag="041" ind1="#" ind2="7">
      <subfield code="a">lat</subfield>
      <subfield code="a">ger</subfield>
    </datafield>
    <datafield tag="034" ind1="1" ind2="#">
      <subfield code="a">a</subfield>
      <subfield code="b">104000</subfield>
      <subfield code="d">E0095900</subfield>
      <subfield code="e">E0125400</subfield>
      <subfield code="f">N0474400</subfield>
      <subfield code="g">N0453800</subfield>
      <subfield code="2">bound</subfield>
    </datafield>
    <datafield tag="655" ind1="#" ind2="7">
      <subfield code="a">Altkarte</subfield>
      <subfield code="9">(DE-588)4611904-8</subfield>
    </datafield>
    <datafield tag="100" ind1="1" ind2="#">
      <subfield code="a">Anich, Peter</subfield>
      <subfield code="d">1723-1766</subfield>
      <subfield code="9">(DE-588)118503189</subfield>
      <subfield code="4">ctg</subfield>
    </datafield>
    <datafield tag="245" ind1="0" ind2="0">
      <subfield code="a">Tyrolis Sub Felici Regimine Mariæ Theresiæ Rom. Imper. Aug.</subfield>
    </datafield>
    <datafield tag="246" ind1="0" ind2="3">
      <subfield code="a">Atlas Tyrolensis</subfield>
    </datafield>
    <datafield tag="255" ind1="#" ind2="#">
      <subfield code="a">Circa 1:104 000</subfield>
    </datafield>
    <datafield tag="264" ind1="#" ind2="3">
      <subfield code="a">[Wien]</subfield>
      <subfield code="b">J. E. Mansfeld inv. et fecit</subfield>
      <subfield code="c">1774</subfield>
    </datafield>
    <datafield tag="700" ind1="1" ind2="#">
      <subfield code="a">Mansfeld, Johann Ernst</subfield>
      <subfield code="d">1739-1796</subfield>
      <subfield code="0">(DE-588)12207288X</subfield>
      <subfield code="4">egr</subfield>
    </datafield>
  </record>