
  <record type="Bibliographic">
    <leader>     nM2.01200024      h</leader>
    <controlfield tag="001">AC11183924</controlfield>
    <controlfield tag="002">20131210</controlfield>
    <controlfield tag="005">20160830</controlfield>
    <datafield tag="044" ind1="#" ind2="#">
      <subfield code="c">XA-DXDE</subfield>
    </datafield>
    <datafield tag="041" ind1="#" ind2="7">
      <subfield code="a">ger</subfield>
    </datafield>
    <datafield tag="034" ind1="1" ind2="#">
      <subfield code="a">a</subfield>
      <subfield code="b">55000000</subfield>
      <subfield code="d">W1800000</subfield>
      <subfield code="e">E1800000</subfield>
      <subfield code="f">N0800000</subfield>
      <subfield code="g">S0800000</subfield>
      <subfield code="2">bound</subfield>
    </datafield>
    <datafield tag="655" ind1="#" ind2="7">
      <subfield code="a">Karte</subfield>
      <subfield code="9">(DE-588)4029783-4</subfield>
    </datafield>
    <datafield tag="655" ind1="#" ind2="7">
      <subfield code="a">Weltkarte</subfield>
      <subfield code="9">(DE-588)4065368-7</subfield>
    </datafield>
    <datafield tag="100" ind1="1" ind2="#">
      <subfield code="a">Berghaus, Hermann</subfield>
      <subfield code="d">1828-1890</subfield>
      <subfield code="9">(DE-588)116132469</subfield>
      <subfield code="4">ctg</subfield>
    </datafield>
    <datafield tag="245" ind1="0" ind2="0">
      <subfield code="a">Allgemeine Welt_Karte in Mercator's Projection.</subfield>
    </datafield>
    <datafield tag="255" ind1="#" ind2="#">
      <subfield code="a">circa 1:55 000 000 am Äquator</subfield>
    </datafield>
    <datafield tag="264" ind1="#" ind2="1">
      <subfield code="a">Gotha</subfield>
      <subfield code="b">Justus Perthes</subfield>
      <subfield code="c">1864</subfield>
    </datafield>
  </record>