
  <record type="Bibliographic">
    <leader>00000nM2.01200024||||||h</leader>
    <controlfield tag="001">AC10732352</controlfield>
    <controlfield tag="002">20130301</controlfield>
    <controlfield tag="005">20160223</controlfield>
    <datafield tag="044" ind1="#" ind2="#">
      <subfield code="c">XA-DXDE</subfield>
    </datafield>
    <datafield tag="041" ind1="#" ind2="7">
      <subfield code="a">ger</subfield>
    </datafield>
    <datafield tag="100" ind1="1" ind2="#">
      <subfield code="a">Bode, Johann Elert</subfield>
      <subfield code="d">1747-1826</subfield>
      <subfield code="9">(DE-588)116215372</subfield>
    </datafield>
    <datafield tag="245" ind1="0" ind2="0">
      <subfield code="a">Beschreibung und Gebrauch einer auf den Horizont von Berlin entworfenen neuen Weltcharte in zween Hemisphären</subfield>
    </datafield>
    <datafield tag="264" ind1="#" ind2="1">
      <subfield code="a">Berlin, Stettin</subfield>
      <subfield code="b">Friedrich Nicolai</subfield>
      <subfield code="c">1783</subfield>
    </datafield>
  </record>