
  <record type="Bibliographic">
    <leader>00000nM2.01200024      h</leader>
    <controlfield tag="001">AC10732316</controlfield>
    <controlfield tag="002">20130301</controlfield>
    <controlfield tag="005">20160706</controlfield>
    <datafield tag="044" ind1="#" ind2="#">
      <subfield code="c">XA-DXDE</subfield>
    </datafield>
    <datafield tag="041" ind1="#" ind2="7">
      <subfield code="a">ger</subfield>
    </datafield>
    <datafield tag="034" ind1="1" ind2="#">
      <subfield code="a">a</subfield>
      <subfield code="b">54000000</subfield>
      <subfield code="d">W1800000</subfield>
      <subfield code="e">E1800000</subfield>
      <subfield code="f">N0845900</subfield>
      <subfield code="g">S0352700</subfield>
      <subfield code="2">bound</subfield>
    </datafield>
    <datafield tag="655" ind1="#" ind2="7">
      <subfield code="a">Altkarte</subfield>
      <subfield code="9">(DE-588)4611904-8</subfield>
    </datafield>
    <datafield tag="100" ind1="1" ind2="#">
      <subfield code="a">Bode, Johann Elert</subfield>
      <subfield code="d">1747-1826</subfield>
      <subfield code="9">(DE-588)116215372</subfield>
      <subfield code="4">ctg</subfield>
    </datafield>
    <datafield tag="245" ind1="0" ind2="0">
      <subfield code="a">&lt;&lt;Die&gt;&gt; Obere oder Nordliche Halbkugel der Erde</subfield>
    </datafield>
    <datafield tag="255" ind1="#" ind2="#">
      <subfield code="a">circa 1: 54 000 000</subfield>
    </datafield>
    <datafield tag="264" ind1="#" ind2="1">
      <subfield code="a">[Berlin], [Stettin]</subfield>
      <subfield code="b">[Friedrich Nicolai]</subfield>
      <subfield code="c">1783</subfield>
    </datafield>
    <datafield tag="700" ind1="1" ind2="#">
      <subfield code="a">Gürsch, Carl Friedrich</subfield>
      <subfield code="0">(DE-588)130385468</subfield>
      <subfield code="4">egr</subfield>
    </datafield>
  </record>