
  <record type="Bibliographic">
    <leader>00000nM2.01200024      h</leader>
    <controlfield tag="001">AC13303999</controlfield>
    <controlfield tag="002">20160825</controlfield>
    <datafield tag="044" ind1="#" ind2="#">
      <subfield code="c">XA-AAAT</subfield>
    </datafield>
    <datafield tag="041" ind1="#" ind2="7">
      <subfield code="a">fre</subfield>
    </datafield>
    <datafield tag="034" ind1="1" ind2="#">
      <subfield code="a">a</subfield>
      <subfield code="2">bound</subfield>
      <subfield code="b">560000</subfield>
      <subfield code="d">E0145600</subfield>
      <subfield code="e">E0204200</subfield>
      <subfield code="f">N0463100</subfield>
      <subfield code="g">N0433500</subfield>
    </datafield>
    <datafield tag="655" ind1="#" ind2="7">
      <subfield code="a">Altkarte</subfield>
      <subfield code="9">(DE-588)4611904-8</subfield>
    </datafield>
    <datafield tag="100" ind1="1" ind2="#">
      <subfield code="a">Briffaut, Etienne</subfield>
      <subfield code="9">(DE-588)136937608</subfield>
      <subfield code="4">ctg</subfield>
    </datafield>
    <datafield tag="245" ind1="0" ind2="0">
      <subfield code="a">Carte Originale et particuliere da la Bosnie dans son entier la prémiere donnée au public, jusqu'a ce jour, nous navons jamais encore eû aucune Carte particuliere de cette Célébre Province tant rénommée, qui fait depuis plusieurs siécles tant de bruit dans le Monde, avec la Croatie, Lé sclavonie, la Morlaquie, partie de l'hongrie, Stirie, Comté de Cilley, Carenthie, Carniole, parties des Confins maritimes; partie de la Dalmatie, Servie et le L'albanie</subfield>
    </datafield>
    <datafield tag="246" ind1="0" ind2="3">
      <subfield code="a">Le Royaume de Bosnie, dans son entier [...]</subfield>
    </datafield>
    <datafield tag="255" ind1="#" ind2="#">
      <subfield code="a">circa 1:560 000</subfield>
    </datafield>
    <datafield tag="264" ind1="#" ind2="1">
      <subfield code="a">Vienne</subfield>
      <subfield code="b">Chez Etienne Briffaut</subfield>
      <subfield code="c">1738</subfield>
    </datafield>
  </record>