
  <record type="Bibliographic">
    <leader>     nM2.01200024      h</leader>
    <controlfield tag="001">AC04568655</controlfield>
    <controlfield tag="002">20050712</controlfield>
    <controlfield tag="005">20161007</controlfield>
    <datafield tag="044" ind1="#" ind2="#">
      <subfield code="c">XA-AAAT</subfield>
    </datafield>
    <datafield tag="041" ind1="#" ind2="7">
      <subfield code="a">ger</subfield>
    </datafield>
    <datafield tag="034" ind1="1" ind2="#">
      <subfield code="a">a</subfield>
      <subfield code="2">bound</subfield>
      <subfield code="b">160000</subfield>
      <subfield code="d">E0102500</subfield>
      <subfield code="e">E0122600</subfield>
      <subfield code="f">N0474400</subfield>
      <subfield code="g">N0454000</subfield>
    </datafield>
    <datafield tag="655" ind1="#" ind2="7">
      <subfield code="a">Altkarte</subfield>
      <subfield code="9">(DE-588)4611904-8</subfield>
    </datafield>
    <datafield tag="100" ind1="1" ind2="#">
      <subfield code="a">Burgklehner, Matthias</subfield>
      <subfield code="d">1573-1642</subfield>
      <subfield code="9">(DE-588)121479927</subfield>
      <subfield code="4">ctg</subfield>
    </datafield>
    <datafield tag="245" ind1="0" ind2="0">
      <subfield code="a">&lt;&lt;Die&gt;&gt; Fr. Grafschaft Tirol</subfield>
    </datafield>
    <datafield tag="246" ind1="0" ind2="3">
      <subfield code="a">&lt;&lt;Die&gt;&gt; Fürstliche Grafschaft Tirol</subfield>
    </datafield>
    <datafield tag="255" ind1="#" ind2="#">
      <subfield code="a">Circa 1:160 000</subfield>
    </datafield>
    <datafield tag="264" ind1="#" ind2="1">
      <subfield code="a">Innsbruck</subfield>
      <subfield code="b">[Verlag nicht ermittelbar]</subfield>
      <subfield code="c">1629</subfield>
    </datafield>
    <datafield tag="700" ind1="1" ind2="#">
      <subfield code="a">Spängler, Andreas</subfield>
      <subfield code="d">1589-nach 1669</subfield>
      <subfield code="0">(DE-588)130490253</subfield>
      <subfield code="4">egr</subfield>
    </datafield>
  </record>