
  <record type="Bibliographic">
    <leader>00000nM2.01200024      h</leader>
    <controlfield tag="001">AC13039133</controlfield>
    <controlfield tag="002">20160824</controlfield>
    <datafield tag="044" ind1="#" ind2="#">
      <subfield code="c">XD-CA</subfield>
    </datafield>
    <datafield tag="041" ind1="#" ind2="7">
      <subfield code="a">eng</subfield>
    </datafield>
    <datafield tag="034" ind1="1" ind2="#">
      <subfield code="a">a</subfield>
      <subfield code="2">bound</subfield>
      <subfield code="b">2500000</subfield>
      <subfield code="d">W1410400</subfield>
      <subfield code="e">W0795800</subfield>
      <subfield code="f">N0773900</subfield>
      <subfield code="g">N0412500</subfield>
    </datafield>
    <datafield tag="655" ind1="#" ind2="7">
      <subfield code="a">Karte</subfield>
      <subfield code="9">(DE-588)4029783-4</subfield>
    </datafield>
    <datafield tag="100" ind1="1" ind2="#">
      <subfield code="a">Devine, Thomas</subfield>
      <subfield code="d">1818-1888</subfield>
      <subfield code="9">(DE-588)1112224955</subfield>
      <subfield code="4">ctg</subfield>
    </datafield>
    <datafield tag="245" ind1="0" ind2="0">
      <subfield code="a">Map of the Northwest Part of Canada Indian Territories &amp; Hudson's Bay</subfield>
    </datafield>
    <datafield tag="255" ind1="#" ind2="#">
      <subfield code="a">circa 1:2 500 000</subfield>
    </datafield>
    <datafield tag="264" ind1="#" ind2="1">
      <subfield code="a">Toronto</subfield>
      <subfield code="b">Maclear &amp; Co Lith</subfield>
      <subfield code="c">March, 1857</subfield>
    </datafield>
  </record>