
  <record type="Bibliographic">
    <leader>00000nM2.01200024      h</leader>
    <controlfield tag="001">AC13304633</controlfield>
    <controlfield tag="002">20160826</controlfield>
    <datafield tag="044" ind1="#" ind2="#">
      <subfield code="c">XA-FR</subfield>
    </datafield>
    <datafield tag="041" ind1="#" ind2="7">
      <subfield code="a">fre</subfield>
    </datafield>
    <datafield tag="034" ind1="1" ind2="#">
      <subfield code="a">a</subfield>
      <subfield code="2">bound</subfield>
      <subfield code="b">25000000</subfield>
      <subfield code="d">E1303800</subfield>
      <subfield code="e">W0103200</subfield>
      <subfield code="f">N0555800</subfield>
      <subfield code="g">S0621400</subfield>
    </datafield>
    <datafield tag="655" ind1="#" ind2="7">
      <subfield code="a">Altkarte</subfield>
      <subfield code="9">(DE-588)4611904-8</subfield>
    </datafield>
    <datafield tag="100" ind1="1" ind2="#">
      <subfield code="a">Duval, Pierre</subfield>
      <subfield code="d">1619-1683</subfield>
      <subfield code="9">(DE-588)124755763</subfield>
    </datafield>
    <datafield tag="245" ind1="0" ind2="0">
      <subfield code="a">&lt;&lt;L'&gt;&gt;Amerique</subfield>
    </datafield>
    <datafield tag="255" ind1="#" ind2="#">
      <subfield code="a">circa 1:25 000 000</subfield>
    </datafield>
    <datafield tag="264" ind1="#" ind2="1">
      <subfield code="a">Paris</subfield>
      <subfield code="b">Chez M. Du Val, Fille de l'Auteur</subfield>
      <subfield code="c">1679</subfield>
    </datafield>
  </record>