
  <record type="Bibliographic">
    <leader>00000nM2.01200024      h</leader>
    <controlfield tag="001">AC12226339</controlfield>
    <controlfield tag="002">20150325</controlfield>
    <controlfield tag="005">20160811</controlfield>
    <datafield tag="044" ind1="#" ind2="#">
      <subfield code="c">FR</subfield>
    </datafield>
    <datafield tag="041" ind1="#" ind2="7">
      <subfield code="a">lat</subfield>
    </datafield>
    <datafield tag="034" ind1="1" ind2="#">
      <subfield code="a">a</subfield>
      <subfield code="2">bound</subfield>
      <subfield code="b">85000000</subfield>
      <subfield code="d">W1800000</subfield>
      <subfield code="e">E1800000</subfield>
      <subfield code="f">N0900000</subfield>
      <subfield code="g">S0900000</subfield>
    </datafield>
    <datafield tag="655" ind1="#" ind2="7">
      <subfield code="a">Altkarte</subfield>
      <subfield code="9">(DE-588)4611904-8</subfield>
    </datafield>
    <datafield tag="100" ind1="1" ind2="#">
      <subfield code="a">Finé, Oronce</subfield>
      <subfield code="d">1494-1555</subfield>
      <subfield code="9">(DE-588)120463709</subfield>
      <subfield code="4">ctg</subfield>
    </datafield>
    <datafield tag="245" ind1="0" ind2="0">
      <subfield code="a">Nova, Et Integra Universi Orbis Descriptio</subfield>
    </datafield>
    <datafield tag="255" ind1="#" ind2="#">
      <subfield code="a">circa 1:85 000 000</subfield>
    </datafield>
    <datafield tag="264" ind1="#" ind2="1">
      <subfield code="a">[Paris]</subfield>
      <subfield code="b">Christiano Wechelo</subfield>
      <subfield code="c">1531</subfield>
    </datafield>
    <datafield tag="700" ind1="1" ind2="#">
      <subfield code="a">Wechel, Christian</subfield>
      <subfield code="d">1495-1554</subfield>
      <subfield code="0">(DE-588)122560361</subfield>
      <subfield code="4">pbl</subfield>
    </datafield>
  </record>