
  <record type="Bibliographic">
    <leader>     nM2.01200024      h</leader>
    <controlfield tag="001">AC12211701</controlfield>
    <controlfield tag="002">20150312</controlfield>
    <controlfield tag="005">20160321</controlfield>
    <datafield tag="044" ind1="#" ind2="#">
      <subfield code="c">XA-IT</subfield>
    </datafield>
    <datafield tag="041" ind1="#" ind2="7">
      <subfield code="a">ita</subfield>
    </datafield>
    <datafield tag="034" ind1="1" ind2="#">
      <subfield code="A">ac0</subfield>
      <subfield code="a">a</subfield>
      <subfield code="b">1000000</subfield>
      <subfield code="d">E0044200</subfield>
      <subfield code="e">E0080700</subfield>
      <subfield code="f">N0484000</subfield>
      <subfield code="g">N0450000</subfield>
    </datafield>
    <datafield tag="655" ind1="#" ind2="7">
      <subfield code="a">Altkarte</subfield>
      <subfield code="9">(DE-588)4611904-8</subfield>
    </datafield>
    <datafield tag="100" ind1="1" ind2="#">
      <subfield code="a">Forlani, Paolo &lt;&lt;de&gt;&gt;</subfield>
      <subfield code="d">ca. 16. Jh.</subfield>
      <subfield code="9">(DE-588)122650328</subfield>
      <subfield code="4">ctg</subfield>
    </datafield>
    <datafield tag="245" ind1="0" ind2="0">
      <subfield code="a">Descrittione del Ducato di Savoia novamente posto in luce in Venetia L'anno MDLXII</subfield>
    </datafield>
    <datafield tag="255" ind1="#" ind2="#">
      <subfield code="a">Circa 1:1 000 000</subfield>
    </datafield>
    <datafield tag="264" ind1="#" ind2="3">
      <subfield code="a">Venetia</subfield>
      <subfield code="b">Ferando Berteli libraro exc.</subfield>
      <subfield code="c">1562</subfield>
    </datafield>
    <datafield tag="700" ind1="1" ind2="#">
      <subfield code="a">Bertelli, Ferdinando</subfield>
      <subfield code="0">(DE-588)121336549</subfield>
      <subfield code="4">prt</subfield>
    </datafield>
  </record>