
  <record type="Bibliographic">
    <leader>     nM2.01200024      h</leader>
    <controlfield tag="001">AC03869742</controlfield>
    <controlfield tag="002">20031024</controlfield>
    <controlfield tag="005">20160321</controlfield>
    <datafield tag="044" ind1="#" ind2="#">
      <subfield code="c">XA-AAAT</subfield>
    </datafield>
    <datafield tag="041" ind1="#" ind2="7">
      <subfield code="a">ger</subfield>
    </datafield>
    <datafield tag="034" ind1="1" ind2="#">
      <subfield code="A">ac0</subfield>
      <subfield code="a">a</subfield>
      <subfield code="b">50000</subfield>
      <subfield code="d">E0125017</subfield>
      <subfield code="e">E0131048</subfield>
      <subfield code="f">N0470705</subfield>
      <subfield code="g">N0465507</subfield>
    </datafield>
    <datafield tag="655" ind1="#" ind2="7">
      <subfield code="a">Karte</subfield>
      <subfield code="9">(DE-588)4029783-4</subfield>
    </datafield>
    <datafield tag="110" ind1="2" ind2="#">
      <subfield code="a">G. Freytag &amp; Berndt</subfield>
      <subfield code="g">Firma</subfield>
      <subfield code="0">(DE-588)1073065952</subfield>
      <subfield code="4">ctg</subfield>
    </datafield>
    <datafield tag="245" ind1="0" ind2="0">
      <subfield code="a">Karte des Sonnblick und Umgebung</subfield>
    </datafield>
    <datafield tag="255" ind1="#" ind2="#">
      <subfield code="a">1:50 000</subfield>
    </datafield>
    <datafield tag="264" ind1="#" ind2="1">
      <subfield code="a">Wien</subfield>
      <subfield code="b">Kartogr. Anst. v. G. Freytag &amp; Bernd</subfield>
      <subfield code="c">[1892?]</subfield>
    </datafield>
  </record>