
  <record type="Bibliographic">
    <leader>     nM2.01200024      h</leader>
    <controlfield tag="001">AC08768726</controlfield>
    <controlfield tag="002">20111004</controlfield>
    <controlfield tag="005">20160826</controlfield>
    <datafield tag="044" ind1="#" ind2="#">
      <subfield code="c">IT</subfield>
    </datafield>
    <datafield tag="041" ind1="#" ind2="7">
      <subfield code="a">ita</subfield>
    </datafield>
    <datafield tag="034" ind1="1" ind2="#">
      <subfield code="a">a</subfield>
      <subfield code="2">bound</subfield>
      <subfield code="b">9000000</subfield>
      <subfield code="d">E0311300</subfield>
      <subfield code="e">E0741800</subfield>
      <subfield code="f">N0344900</subfield>
      <subfield code="g">N0013600</subfield>
    </datafield>
    <datafield tag="655" ind1="#" ind2="7">
      <subfield code="a">Altkarte</subfield>
      <subfield code="9">(DE-588)4611904-8</subfield>
    </datafield>
    <datafield tag="100" ind1="1" ind2="#">
      <subfield code="a">Gastaldi, Jacopo</subfield>
      <subfield code="d">1500-1566</subfield>
      <subfield code="9">(DE-588)121786129</subfield>
      <subfield code="4">ctg</subfield>
    </datafield>
    <datafield tag="245" ind1="0" ind2="0">
      <subfield code="a">&lt;&lt;Il&gt;&gt; disegno della seconda Parte dell'Asia</subfield>
    </datafield>
    <datafield tag="255" ind1="#" ind2="#">
      <subfield code="a">circa 1:7 500 000</subfield>
    </datafield>
    <datafield tag="264" ind1="#" ind2="1">
      <subfield code="a">Venetia</subfield>
      <subfield code="b">[kein Verlag ermittelbar]</subfield>
      <subfield code="c">1561</subfield>
    </datafield>
    <datafield tag="700" ind1="1" ind2="#">
      <subfield code="a">Licinio, Fabio</subfield>
      <subfield code="d">1521-1565</subfield>
      <subfield code="0">(DE-588)1015749917</subfield>
      <subfield code="4">egr</subfield>
    </datafield>
  </record>