
  <record type="Bibliographic">
    <leader>     nM2.01200024      h</leader>
    <controlfield tag="001">AC04465502</controlfield>
    <controlfield tag="002">20050407</controlfield>
    <controlfield tag="005">20160831</controlfield>
    <datafield tag="044" ind1="#" ind2="#">
      <subfield code="c">FR</subfield>
    </datafield>
    <datafield tag="041" ind1="#" ind2="7">
      <subfield code="a">fre</subfield>
    </datafield>
    <datafield tag="034" ind1="1" ind2="#">
      <subfield code="a">a</subfield>
      <subfield code="b">2400000</subfield>
      <subfield code="d">W0070800</subfield>
      <subfield code="e">E0372600</subfield>
      <subfield code="f">N0461200</subfield>
      <subfield code="g">N0292700</subfield>
      <subfield code="2">bound</subfield>
    </datafield>
    <datafield tag="655" ind1="#" ind2="7">
      <subfield code="a">Altkarte</subfield>
      <subfield code="9">(DE-588)4611904-8</subfield>
    </datafield>
    <datafield tag="100" ind1="1" ind2="#">
      <subfield code="a">Groignard, Arnaud</subfield>
      <subfield code="d">1681-1751</subfield>
      <subfield code="9">(DE-588)1112294015</subfield>
      <subfield code="4">ctg</subfield>
    </datafield>
    <datafield tag="110" ind1="2" ind2="#">
      <subfield code="a">Dépôt des Cartes et Plans de la Marine</subfield>
      <subfield code="g">Paris</subfield>
      <subfield code="0">(DE-588)5561514-4</subfield>
    </datafield>
    <datafield tag="245" ind1="0" ind2="0">
      <subfield code="a">Carte de la Mer Mediterranée</subfield>
    </datafield>
    <datafield tag="255" ind1="#" ind2="#">
      <subfield code="a">circa 1:2 400 000]</subfield>
    </datafield>
    <datafield tag="264" ind1="#" ind2="1">
      <subfield code="a">Paris</subfield>
      <subfield code="b">[kein Verlag ermittelbar]</subfield>
      <subfield code="c">Ir. Mars 1745</subfield>
    </datafield>
    <datafield tag="700" ind1="1" ind2="#">
      <subfield code="a">Dheulland, Guillaume</subfield>
      <subfield code="d">1700-1770</subfield>
      <subfield code="0">(DE-588)1037589548</subfield>
      <subfield code="4">egr</subfield>
    </datafield>
    <datafield tag="700" ind1="1" ind2="#">
      <subfield code="a">Bourgoin, Pierre</subfield>
      <subfield code="0">(DE-588)132854228</subfield>
      <subfield code="4">egr</subfield>
    </datafield>
  </record>