
  <record type="Bibliographic">
    <leader>     nM2.01200024      h</leader>
    <controlfield tag="001">AC04024936</controlfield>
    <controlfield tag="002">20040304</controlfield>
    <controlfield tag="005">20160830</controlfield>
    <datafield tag="044" ind1="#" ind2="#">
      <subfield code="c">XA-DXDE</subfield>
    </datafield>
    <datafield tag="041" ind1="#" ind2="7">
      <subfield code="a">ger</subfield>
    </datafield>
    <datafield tag="034" ind1="1" ind2="#">
      <subfield code="A">ac0</subfield>
      <subfield code="a">a</subfield>
      <subfield code="b">4600000</subfield>
      <subfield code="d">W0015700</subfield>
      <subfield code="e">E0271400</subfield>
      <subfield code="f">N0534500</subfield>
      <subfield code="g">N0364700</subfield>
    </datafield>
    <datafield tag="655" ind1="#" ind2="7">
      <subfield code="a">Altkarte</subfield>
      <subfield code="9">(DE-588)4611904-8</subfield>
    </datafield>
    <datafield tag="100" ind1="1" ind2="#">
      <subfield code="a">Homann, Johann Christoph</subfield>
      <subfield code="d">1703-1730</subfield>
      <subfield code="9">(DE-588)12304071X</subfield>
      <subfield code="4">ctg</subfield>
    </datafield>
    <datafield tag="245" ind1="0" ind2="0">
      <subfield code="a">Tabula Geographica Europae Austriacae Generalis sive Regionum Terrarumque Omnium ac Singularum Augustissimae Domui Austriacae Hereditariarum</subfield>
    </datafield>
    <datafield tag="255" ind1="#" ind2="#">
      <subfield code="a">Circa 1:4 600 000</subfield>
    </datafield>
    <datafield tag="264" ind1="#" ind2="1">
      <subfield code="a">Noribergae</subfield>
      <subfield code="b">[Homannsche Erben]</subfield>
      <subfield code="c">[zwischen 1725 und1730]</subfield>
    </datafield>
    <datafield tag="700" ind1="1" ind2="#">
      <subfield code="a">Homannsche Erben</subfield>
      <subfield code="h">Nürnberg</subfield>
      <subfield code="0">(DE-588)5293676-4</subfield>
      <subfield code="4">pbl</subfield>
    </datafield>
  </record>