
  <record type="Bibliographic">
    <leader>00000nM2.01200024      h</leader>
    <controlfield tag="001">AC12307523</controlfield>
    <controlfield tag="002">20150618</controlfield>
    <controlfield tag="002">20150618</controlfield>
    <controlfield tag="005">20160830</controlfield>
    <datafield tag="044" ind1="#" ind2="#">
      <subfield code="c">XA-NL</subfield>
    </datafield>
    <datafield tag="041" ind1="#" ind2="7">
      <subfield code="a">lat</subfield>
    </datafield>
    <datafield tag="034" ind1="1" ind2="#">
      <subfield code="a">a</subfield>
      <subfield code="b">85000000</subfield>
      <subfield code="d">W1800000</subfield>
      <subfield code="e">E1800000</subfield>
      <subfield code="f">N0800000</subfield>
      <subfield code="g">S0800000</subfield>
    </datafield>
    <datafield tag="655" ind1="#" ind2="7">
      <subfield code="a">Altkarte</subfield>
      <subfield code="9">(DE-588)4611904-8</subfield>
    </datafield>
    <datafield tag="655" ind1="#" ind2="7">
      <subfield code="a">Weltkarte</subfield>
      <subfield code="9">(DE-588)4065368-7</subfield>
    </datafield>
    <datafield tag="100" ind1="1" ind2="#">
      <subfield code="a">Hondius, Jodocus</subfield>
      <subfield code="d">1563-1612</subfield>
      <subfield code="9">(DE-588)119072149</subfield>
      <subfield code="4">ctg</subfield>
      <subfield code="4">edt</subfield>
    </datafield>
    <datafield tag="245" ind1="0" ind2="0">
      <subfield code="a">Typus Totius Orbis Terrarum,</subfield>
    </datafield>
    <datafield tag="255" ind1="#" ind2="#">
      <subfield code="a">circa 1:85 000 000 am Äquator</subfield>
    </datafield>
    <datafield tag="264" ind1="#" ind2="1">
      <subfield code="a">[Amsterdam]</subfield>
      <subfield code="b">à Iud. Hondio cælatore</subfield>
      <subfield code="c">[1597?]</subfield>
    </datafield>
  </record>