
  <record type="Bibliographic">
    <leader>00000nM2.01200024      h</leader>
    <controlfield tag="001">AC13310541</controlfield>
    <controlfield tag="002">20160902</controlfield>
    <datafield tag="034" ind1="1" ind2="#">
      <subfield code="a">a</subfield>
      <subfield code="b">75000000</subfield>
      <subfield code="d">E1391300</subfield>
      <subfield code="e">E1432600</subfield>
      <subfield code="f">N0845400</subfield>
      <subfield code="g">S0850500</subfield>
      <subfield code="2">bound</subfield>
    </datafield>
    <datafield tag="655" ind1="#" ind2="7">
      <subfield code="a">Altkarte</subfield>
      <subfield code="9">(DE-588)4611904-8</subfield>
    </datafield>
    <datafield tag="100" ind1="1" ind2="#">
      <subfield code="a">Hondius, Jodocus</subfield>
      <subfield code="d">1593-1629</subfield>
      <subfield code="9">(DE-588)139624422</subfield>
      <subfield code="4">ctg</subfield>
    </datafield>
    <datafield tag="245" ind1="0" ind2="0">
      <subfield code="a">Nova totius terrarum orbis geographica ac hydrographica tabula</subfield>
    </datafield>
    <datafield tag="255" ind1="#" ind2="#">
      <subfield code="a">circa 1:75 000 000</subfield>
    </datafield>
    <datafield tag="264" ind1="#" ind2="1">
      <subfield code="a">Amstelodami</subfield>
      <subfield code="b">Iudocum Hondium</subfield>
      <subfield code="c">[circa 1625]</subfield>
    </datafield>
  </record>