
  <record type="Bibliographic">
    <leader>     nM2.01200024      h</leader>
    <controlfield tag="001">AC09369655</controlfield>
    <controlfield tag="002">20120622</controlfield>
    <controlfield tag="005">20151210</controlfield>
    <datafield tag="044" ind1="#" ind2="#">
      <subfield code="c">XA-DXDE</subfield>
    </datafield>
    <datafield tag="041" ind1="#" ind2="7">
      <subfield code="a">ger</subfield>
    </datafield>
    <datafield tag="655" ind1="#" ind2="7">
      <subfield code="a">Altkarte</subfield>
      <subfield code="9">(DE-588)4611904-8</subfield>
    </datafield>
    <datafield tag="100" ind1="1" ind2="#">
      <subfield code="a">Köhler, Johann David</subfield>
      <subfield code="d">1684-1755</subfield>
      <subfield code="9">(DE-588)11872424X</subfield>
    </datafield>
    <datafield tag="245" ind1="0" ind2="0">
      <subfield code="a">&lt;&lt;Johann David Koehlers Historiarum &amp; Politices Professoris Publici auf der Nürnbergischen Universitaet Altdorff&gt;&gt; Bequemer Schul- und Reisen-Atlas</subfield>
    </datafield>
    <datafield tag="246" ind1="0" ind2="3">
      <subfield code="a">Bequemer Schul- und Reisen-Atlas</subfield>
    </datafield>
    <datafield tag="255" ind1="#" ind2="#">
      <subfield code="a">verschiedene Maßstäbe</subfield>
    </datafield>
    <datafield tag="264" ind1="#" ind2="3">
      <subfield code="a">Nürnberg</subfield>
      <subfield code="b">Gedruckt bey Johann Ernst Adelbulnern</subfield>
      <subfield code="c">1718</subfield>
    </datafield>
  </record>