
  <record type="Bibliographic">
    <leader>00000nM2.01200024      h</leader>
    <controlfield tag="001">AC12218831</controlfield>
    <controlfield tag="002">20150318</controlfield>
    <controlfield tag="005">20160830</controlfield>
    <datafield tag="044" ind1="#" ind2="#">
      <subfield code="c">FR</subfield>
    </datafield>
    <datafield tag="041" ind1="#" ind2="7">
      <subfield code="a">fre</subfield>
    </datafield>
    <datafield tag="034" ind1="1" ind2="#">
      <subfield code="a">a</subfield>
      <subfield code="2">bound</subfield>
      <subfield code="b">20000</subfield>
      <subfield code="d">E0021826</subfield>
      <subfield code="e">E0022358</subfield>
      <subfield code="f">N0485243</subfield>
      <subfield code="g">N0484953</subfield>
    </datafield>
    <datafield tag="655" ind1="#" ind2="7">
      <subfield code="a">Altkarte</subfield>
      <subfield code="9">(DE-588)4611904-8</subfield>
    </datafield>
    <datafield tag="100" ind1="1" ind2="#">
      <subfield code="a">La Grive, Jean &lt;&lt;de&gt;&gt;</subfield>
      <subfield code="d">1687-1757</subfield>
      <subfield code="9">(DE-588)11757371X</subfield>
      <subfield code="4">ctg</subfield>
    </datafield>
    <datafield tag="245" ind1="0" ind2="0">
      <subfield code="a">Nouveau Plan de Paris et de ses Faubourgs</subfield>
    </datafield>
    <datafield tag="255" ind1="#" ind2="#">
      <subfield code="a">circa 1:20 000</subfield>
    </datafield>
    <datafield tag="264" ind1="#" ind2="1">
      <subfield code="a">[Paris]</subfield>
      <subfield code="b">[Verlag nicht ermittelbar]</subfield>
      <subfield code="c">1740</subfield>
    </datafield>
  </record>