
  <record type="Bibliographic">
    <leader>     nM2.01200024      h</leader>
    <controlfield tag="001">AC11594272</controlfield>
    <controlfield tag="002">20140404</controlfield>
    <controlfield tag="005">20161005</controlfield>
    <datafield tag="044" ind1="#" ind2="#">
      <subfield code="c">XA-NL</subfield>
    </datafield>
    <datafield tag="041" ind1="#" ind2="7">
      <subfield code="a">lat</subfield>
    </datafield>
    <datafield tag="034" ind1="1" ind2="#">
      <subfield code="a">a</subfield>
      <subfield code="b">920000</subfield>
      <subfield code="d">E0134600</subfield>
      <subfield code="e">E0170600</subfield>
      <subfield code="f">N0485200</subfield>
      <subfield code="g">N0463800</subfield>
      <subfield code="2">bound</subfield>
    </datafield>
    <datafield tag="655" ind1="#" ind2="7">
      <subfield code="a">Altkarte</subfield>
      <subfield code="9">(DE-588)4611904-8</subfield>
    </datafield>
    <datafield tag="100" ind1="1" ind2="#">
      <subfield code="a">Lazius, Wolfgang</subfield>
      <subfield code="d">1514-1565</subfield>
      <subfield code="9">(DE-588)118726870</subfield>
    </datafield>
    <datafield tag="245" ind1="0" ind2="0">
      <subfield code="a">Austriae Ducatus Seu Pannoniae Superioris Chorographia Germana</subfield>
    </datafield>
    <datafield tag="250" ind1="#" ind2="#">
      <subfield code="a">[2. Ausabe]</subfield>
    </datafield>
    <datafield tag="255" ind1="#" ind2="#">
      <subfield code="a">Circa 1:920 000</subfield>
    </datafield>
    <datafield tag="264" ind1="#" ind2="1">
      <subfield code="a">[Antwerpen]</subfield>
      <subfield code="b">[Jode, Gérard de]</subfield>
      <subfield code="c">[1570]</subfield>
    </datafield>
  </record>