
  <record type="Bibliographic">
    <leader>00000nM2.01200024      h</leader>
    <controlfield tag="001">AC12231556</controlfield>
    <controlfield tag="002">20150330</controlfield>
    <controlfield tag="005">20160901</controlfield>
    <datafield tag="044" ind1="#" ind2="#">
      <subfield code="c">XA-FR</subfield>
    </datafield>
    <datafield tag="041" ind1="#" ind2="7">
      <subfield code="a">fre</subfield>
    </datafield>
    <datafield tag="034" ind1="1" ind2="#">
      <subfield code="a">a</subfield>
      <subfield code="b">750000</subfield>
      <subfield code="d">W0020500</subfield>
      <subfield code="e">W0000900</subfield>
      <subfield code="f">N0454200</subfield>
      <subfield code="g">N0431600</subfield>
      <subfield code="2">bound</subfield>
    </datafield>
    <datafield tag="655" ind1="#" ind2="7">
      <subfield code="a">Altkarte</subfield>
      <subfield code="9">(DE-588)4611904-8</subfield>
    </datafield>
    <datafield tag="245" ind1="0" ind2="0">
      <subfield code="a">&lt;&lt;La&gt;&gt; carte du Bourdelois, du pays de Médoc, et de la prevesté de Born.</subfield>
    </datafield>
    <datafield tag="255" ind1="#" ind2="#">
      <subfield code="a">circa 1:750 000</subfield>
    </datafield>
    <datafield tag="264" ind1="#" ind2="1">
      <subfield code="a">[Paris]</subfield>
      <subfield code="b">Jean le Clerc</subfield>
      <subfield code="c">[circa 1626]</subfield>
    </datafield>
    <datafield tag="700" ind1="1" ind2="#">
      <subfield code="a">Rogiers, Salomon</subfield>
      <subfield code="0">(DE-588)103746331</subfield>
      <subfield code="4">egr</subfield>
    </datafield>
  </record>