
  <record type="Bibliographic">
    <leader>00000nM2.01200024      h</leader>
    <controlfield tag="001">AC08769745</controlfield>
    <controlfield tag="002">20111004</controlfield>
    <controlfield tag="005">20160831</controlfield>
    <datafield tag="044" ind1="#" ind2="#">
      <subfield code="c">XA-NL</subfield>
    </datafield>
    <datafield tag="041" ind1="#" ind2="7">
      <subfield code="a">ger</subfield>
      <subfield code="a">lat</subfield>
    </datafield>
    <datafield tag="034" ind1="1" ind2="#">
      <subfield code="a">a</subfield>
      <subfield code="b">30000000</subfield>
      <subfield code="d">W0431800</subfield>
      <subfield code="e">E1374000</subfield>
      <subfield code="f">N0514200</subfield>
      <subfield code="g">S0394900</subfield>
      <subfield code="2">bound</subfield>
    </datafield>
    <datafield tag="655" ind1="#" ind2="7">
      <subfield code="a">Altkarte</subfield>
      <subfield code="9">(DE-588)4611904-8</subfield>
    </datafield>
    <datafield tag="100" ind1="1" ind2="#">
      <subfield code="a">Lodewycksz, Willem</subfield>
      <subfield code="d">15XX-1604</subfield>
      <subfield code="9">(DE-588)124759424</subfield>
      <subfield code="4">ctg</subfield>
    </datafield>
    <datafield tag="245" ind1="0" ind2="0">
      <subfield code="a">Descriptio Hydrogaphica accomodata ad Battavorum Navigatione in Javam insulam Indiae Orientalis, saetam ad quam postridie Calendas Aprilis ann'1595 ex Hollandia solverunt et ex qua domum redierunt Idus Augusti anno 1597 Horum extus reditusq' via his notis demonstratur De hac navigatione extat descriptio lectu perquam admiranda</subfield>
    </datafield>
    <datafield tag="246" ind1="0" ind2="3">
      <subfield code="a">Eygengliche und ausfuhrliche Mappa de Orientallischen Indien darinen auch mit puntien angezeichnet di hin und widerum Reisse der Hollander nach der Inseln Java welche den anderen tag deß Monat Aprils im 1595 Jahr von Holland sind außgefahren und den 14 Augusti A° 1597 wider in Holland an sind komen wi di Histori hie von Meldet</subfield>
    </datafield>
    <datafield tag="255" ind1="#" ind2="#">
      <subfield code="a">circa 1: 30 000 000</subfield>
    </datafield>
    <datafield tag="264" ind1="#" ind2="1">
      <subfield code="a">[Frankfurt am Main]</subfield>
      <subfield code="b">[Théodore de Bry]</subfield>
      <subfield code="c">[1599]</subfield>
    </datafield>
    <datafield tag="300" ind1="#" ind2="#">
      <subfield code="a">1 Karte auf 2 Blättern</subfield>
    </datafield>
  </record>