
  <record type="Bibliographic">
    <leader>00000nM2.01200024      h</leader>
    <controlfield tag="001">AC08769695</controlfield>
    <controlfield tag="002">20111004</controlfield>
    <controlfield tag="005">20160831</controlfield>
    <datafield tag="044" ind1="#" ind2="#">
      <subfield code="c">XA-NL</subfield>
    </datafield>
    <datafield tag="041" ind1="#" ind2="7">
      <subfield code="a">dut</subfield>
      <subfield code="a">lat</subfield>
    </datafield>
    <datafield tag="034" ind1="1" ind2="#">
      <subfield code="a">a</subfield>
      <subfield code="b">5250000</subfield>
      <subfield code="d">E0933900</subfield>
      <subfield code="e">E1185800</subfield>
      <subfield code="f">N0071300</subfield>
      <subfield code="g">S0080700</subfield>
      <subfield code="2">bound</subfield>
    </datafield>
    <datafield tag="655" ind1="#" ind2="7">
      <subfield code="a">Altkarte</subfield>
      <subfield code="9">(DE-588)4611904-8</subfield>
    </datafield>
    <datafield tag="100" ind1="1" ind2="#">
      <subfield code="a">Lodewycksz, Willem</subfield>
      <subfield code="d">15XX-1604</subfield>
      <subfield code="9">(DE-588)124759424</subfield>
      <subfield code="4">ctg</subfield>
    </datafield>
    <datafield tag="245" ind1="0" ind2="0">
      <subfield code="a">Nova tabula, Insularum Javae, Sumatrae, Borneonis et aliarum Malaccam usque, delineata in insula Iava, ubi ad vivum designantur, vada et brevia scopulique interjacentes</subfield>
    </datafield>
    <datafield tag="246" ind1="0" ind2="3">
      <subfield code="a">Nieuwe caerte op Java gheteeckent, van de eylanden van Java, Sumatra, Borneo tot Malacca toe, daer in dat alle de bijleggende eylanden naer t'leven gestelt, ende op haer plaetse geleyt zyn</subfield>
    </datafield>
    <datafield tag="255" ind1="#" ind2="#">
      <subfield code="a">circa 5 250 000</subfield>
    </datafield>
    <datafield tag="264" ind1="#" ind2="1">
      <subfield code="a">[Amsterdam]</subfield>
      <subfield code="b">Cornelius Nicolai excud.</subfield>
      <subfield code="c">[1598]</subfield>
    </datafield>
    <datafield tag="700" ind1="1" ind2="#">
      <subfield code="a">Doetichum, Baptista &lt;&lt;van&gt;&gt;</subfield>
      <subfield code="d">1570-1611</subfield>
      <subfield code="0">(DE-588)12109748X</subfield>
      <subfield code="4">egr</subfield>
    </datafield>
    <datafield tag="700" ind1="1" ind2="#">
      <subfield code="a">Claesz, Cornelis</subfield>
      <subfield code="d">ca. ca. 1546-1609</subfield>
      <subfield code="0">(DE-588)133653269</subfield>
      <subfield code="4">pbl</subfield>
    </datafield>
  </record>