
  <record type="Bibliographic">
    <leader>     nM2.01200024      h</leader>
    <controlfield tag="001">AC04564092</controlfield>
    <controlfield tag="002">20050706</controlfield>
    <controlfield tag="005">20160831</controlfield>
    <datafield tag="044" ind1="#" ind2="#">
      <subfield code="c">XA-AAAT</subfield>
    </datafield>
    <datafield tag="041" ind1="#" ind2="7">
      <subfield code="a">ger</subfield>
      <subfield code="a">fre</subfield>
    </datafield>
    <datafield tag="655" ind1="#" ind2="7">
      <subfield code="a">Altkarte</subfield>
      <subfield code="9">(DE-588)4611904-8</subfield>
    </datafield>
    <datafield tag="100" ind1="1" ind2="#">
      <subfield code="a">Maire, François Joseph</subfield>
      <subfield code="d">1738-1788</subfield>
      <subfield code="9">(DE-588)129300616</subfield>
    </datafield>
    <datafield tag="245" ind1="0" ind2="0">
      <subfield code="a">Grundriß und Durchschnitt zwoer Schleusen um die Bewegungsart zu zeigen wie ein Schiff sich stuffenweise zu gewissen Hoehen erheben und ebenso wieder abwaerts gehen koenne</subfield>
    </datafield>
    <datafield tag="246" ind1="0" ind2="3">
      <subfield code="a">Plan et Coupe de deux Ecluses a l'effer de montrer par quel mecanisme un Bateau peut, s'élever graduellement à de certaines hauteurs et en descendre</subfield>
    </datafield>
    <datafield tag="264" ind1="#" ind2="1">
      <subfield code="a">[Wien]</subfield>
      <subfield code="b">[Ch. &amp; Fred. Bargum &amp; Comp.]</subfield>
      <subfield code="c">[1786]</subfield>
    </datafield>
  </record>