
  <record type="Bibliographic">
    <leader>     nM2.01200024      h</leader>
    <controlfield tag="001">AC03762591</controlfield>
    <controlfield tag="002">20030704</controlfield>
    <controlfield tag="005">20161003</controlfield>
    <datafield tag="044" ind1="#" ind2="#">
      <subfield code="c">AA</subfield>
      <subfield code="c">AT</subfield>
    </datafield>
    <datafield tag="041" ind1="#" ind2="7">
      <subfield code="a">ger</subfield>
      <subfield code="a">fre</subfield>
    </datafield>
    <datafield tag="034" ind1="1" ind2="#">
      <subfield code="2">bound</subfield>
    </datafield>
    <datafield tag="655" ind1="#" ind2="7">
      <subfield code="a">Altkarte</subfield>
      <subfield code="9">(DE-588)4611904-8</subfield>
    </datafield>
    <datafield tag="100" ind1="1" ind2="#">
      <subfield code="a">Maire, François Joseph</subfield>
      <subfield code="d">1738-1788</subfield>
      <subfield code="9">(DE-588)129300616</subfield>
      <subfield code="4">ctg</subfield>
    </datafield>
    <datafield tag="245" ind1="0" ind2="0">
      <subfield code="a">Hydrographische Karte der oestreichischen Erbstaaten diesseits des Rheins</subfield>
    </datafield>
    <datafield tag="246" ind1="0" ind2="3">
      <subfield code="a">Carte Hydrographique des Etats de la Maison d'Autriche en deça du Rhin</subfield>
    </datafield>
    <datafield tag="255" ind1="#" ind2="#">
      <subfield code="a">Circa 1:970 000</subfield>
    </datafield>
    <datafield tag="264" ind1="#" ind2="1">
      <subfield code="a">Wien</subfield>
      <subfield code="b">Ch. &amp; Fred. Bargum &amp; Comp.</subfield>
      <subfield code="c">[1786]</subfield>
    </datafield>
    <datafield tag="700" ind1="1" ind2="#">
      <subfield code="a">Mansfeld, Johann Ernst</subfield>
      <subfield code="d">1739-1796</subfield>
      <subfield code="0">(DE-588)12207288X</subfield>
      <subfield code="4">egr</subfield>
    </datafield>
  </record>