
  <record type="Bibliographic">
    <leader>     nM2.01200024      h</leader>
    <controlfield tag="001">AC04564058</controlfield>
    <controlfield tag="002">20050706</controlfield>
    <controlfield tag="005">20160901</controlfield>
    <datafield tag="044" ind1="#" ind2="#">
      <subfield code="c">XA-AAAT</subfield>
    </datafield>
    <datafield tag="041" ind1="#" ind2="7">
      <subfield code="a">ger</subfield>
      <subfield code="a">fre</subfield>
    </datafield>
    <datafield tag="034" ind1="1" ind2="#">
      <subfield code="a">a</subfield>
      <subfield code="b">350000</subfield>
      <subfield code="d">E0224600</subfield>
      <subfield code="e">E0244900</subfield>
      <subfield code="f">N0500500</subfield>
      <subfield code="g">N0492400</subfield>
      <subfield code="2">bound</subfield>
    </datafield>
    <datafield tag="655" ind1="#" ind2="7">
      <subfield code="a">Altkarte</subfield>
      <subfield code="9">(DE-588)4611904-8</subfield>
    </datafield>
    <datafield tag="100" ind1="1" ind2="#">
      <subfield code="a">Maire, François Joseph</subfield>
      <subfield code="d">1738-1788</subfield>
      <subfield code="9">(DE-588)129300616</subfield>
    </datafield>
    <datafield tag="245" ind1="0" ind2="0">
      <subfield code="a">Verbindung der Drau mit der Save</subfield>
    </datafield>
    <datafield tag="246" ind1="0" ind2="3">
      <subfield code="a">Jonction de la Drave a la Save</subfield>
    </datafield>
    <datafield tag="255" ind1="#" ind2="#">
      <subfield code="a">circa 1:250 000</subfield>
    </datafield>
    <datafield tag="264" ind1="#" ind2="1">
      <subfield code="a">[Wien]</subfield>
      <subfield code="b">[Ch. &amp; Fred. Bargum &amp; Comp.]</subfield>
      <subfield code="c">[1786]</subfield>
    </datafield>
  </record>