
  <record type="Bibliographic">
    <leader>00331nM2.01000024      h</leader>
    <controlfield tag="001">AC04258574</controlfield>
    <controlfield tag="002">20040924</controlfield>
    <controlfield tag="005">20161004</controlfield>
    <datafield tag="044" ind1="#" ind2="#">
      <subfield code="c">XA-DXDE</subfield>
    </datafield>
    <datafield tag="041" ind1="#" ind2="7">
      <subfield code="a">ger</subfield>
    </datafield>
    <datafield tag="034" ind1="1" ind2="#">
      <subfield code="a">a</subfield>
      <subfield code="b">500000</subfield>
      <subfield code="d">E0114658</subfield>
      <subfield code="e">E0142142</subfield>
      <subfield code="f">N0482109</subfield>
      <subfield code="g">N0465915</subfield>
      <subfield code="2">bound</subfield>
    </datafield>
    <datafield tag="655" ind1="#" ind2="7">
      <subfield code="a">Altkarte</subfield>
      <subfield code="9">(DE-588)4611904-8</subfield>
    </datafield>
    <datafield tag="100" ind1="1" ind2="#">
      <subfield code="a">Mayr, Johann Georg</subfield>
      <subfield code="d">1800-1864</subfield>
      <subfield code="9">(DE-588)123493889</subfield>
      <subfield code="4">ctg</subfield>
    </datafield>
    <datafield tag="245" ind1="0" ind2="0">
      <subfield code="a">Reise- und Gebirgs-Karte vom Lande Salzburg mit Berchtesgaden und dem Salzkammergut</subfield>
    </datafield>
    <datafield tag="255" ind1="#" ind2="#">
      <subfield code="a">1:500 000</subfield>
    </datafield>
    <datafield tag="264" ind1="#" ind2="1">
      <subfield code="a">München</subfield>
      <subfield code="b">in Commission bei A. Brugger</subfield>
      <subfield code="c">1854</subfield>
    </datafield>
    <datafield tag="264" ind1="#" ind2="3">
      <subfield code="a">München</subfield>
      <subfield code="b">J. B. Seel</subfield>
      <subfield code="c">1854</subfield>
    </datafield>
    <datafield tag="700" ind1="1" ind2="#">
      <subfield code="a">Schleich, Carl Peter</subfield>
      <subfield code="d">1823-1887</subfield>
      <subfield code="0">(DE-588)128653531</subfield>
      <subfield code="4">egr</subfield>
    </datafield>
  </record>