
  <record type="Bibliographic">
    <leader>00806nM2.01000024      h</leader>
    <controlfield tag="001">AC00677476</controlfield>
    <controlfield tag="002">19930727</controlfield>
    <controlfield tag="005">20160321</controlfield>
    <datafield tag="044" ind1="#" ind2="#">
      <subfield code="c">XA-DE</subfield>
    </datafield>
    <datafield tag="041" ind1="#" ind2="7">
      <subfield code="a">ger</subfield>
    </datafield>
    <datafield tag="034" ind1="1" ind2="#">
      <subfield code="A">ac0</subfield>
      <subfield code="a">a</subfield>
      <subfield code="b">500000</subfield>
      <subfield code="d">E0115200</subfield>
      <subfield code="e">E0141800</subfield>
      <subfield code="f">N0482100</subfield>
      <subfield code="g">N0465400</subfield>
    </datafield>
    <datafield tag="655" ind1="#" ind2="7">
      <subfield code="a">Karte</subfield>
      <subfield code="9">(DE-588)4029783-4</subfield>
    </datafield>
    <datafield tag="100" ind1="1" ind2="#">
      <subfield code="a">Mayr, Johann Georg</subfield>
      <subfield code="d">1800-1864</subfield>
      <subfield code="9">(DE-588)123493889</subfield>
      <subfield code="4">ctg</subfield>
    </datafield>
    <datafield tag="245" ind1="0" ind2="0">
      <subfield code="a">Reise- und Gebirgs-Karte vom Lande Salzburg mit Berchtesgaden und dem Salzkammergut nebst den angränzenden österreichisch- und bayerischen Landestheilen</subfield>
    </datafield>
    <datafield tag="255" ind1="#" ind2="#">
      <subfield code="a">1:500 000</subfield>
    </datafield>
    <datafield tag="264" ind1="#" ind2="1">
      <subfield code="a">Regensburg</subfield>
      <subfield code="b">Alfred Coppenrath (H. Pawelek)</subfield>
      <subfield code="c">[1880]</subfield>
    </datafield>
    <datafield tag="700" ind1="1" ind2="#">
      <subfield code="a">Mayr, Johann Georg</subfield>
      <subfield code="d">1800-1864</subfield>
      <subfield code="0">(DE-588)123493889</subfield>
      <subfield code="4">egr</subfield>
    </datafield>
  </record>