
  <record type="Bibliographic">
    <leader>     nM2.01200024      h</leader>
    <controlfield tag="001">AC10732466</controlfield>
    <controlfield tag="002">20130301</controlfield>
    <controlfield tag="005">20160831</controlfield>
    <datafield tag="044" ind1="#" ind2="#">
      <subfield code="c">XA-GB</subfield>
    </datafield>
    <datafield tag="041" ind1="#" ind2="7">
      <subfield code="a">eng</subfield>
    </datafield>
    <datafield tag="034" ind1="1" ind2="#">
      <subfield code="a">a</subfield>
      <subfield code="b">42000000</subfield>
      <subfield code="d">E1631500</subfield>
      <subfield code="e">E1663800</subfield>
      <subfield code="f">N0845900</subfield>
      <subfield code="g">S0850000</subfield>
      <subfield code="2">bound</subfield>
    </datafield>
    <datafield tag="655" ind1="#" ind2="7">
      <subfield code="a">Altkarte</subfield>
      <subfield code="9">(DE-588)4611904-8</subfield>
    </datafield>
    <datafield tag="100" ind1="1" ind2="#">
      <subfield code="a">Moll, Herman</subfield>
      <subfield code="d">1654-1732</subfield>
      <subfield code="9">(DE-588)12039376X</subfield>
      <subfield code="4">ctg</subfield>
    </datafield>
    <datafield tag="245" ind1="0" ind2="0">
      <subfield code="a">&lt;&lt;A&gt;&gt; New and Correct Map of the World</subfield>
    </datafield>
    <datafield tag="255" ind1="#" ind2="#">
      <subfield code="a">circa 1:42 000 000</subfield>
    </datafield>
    <datafield tag="264" ind1="#" ind2="1">
      <subfield code="a">London</subfield>
      <subfield code="b">Printed for and sold by J. Bowles ... &amp; by T. Bowles ... and by P. Overton ... and by John King</subfield>
      <subfield code="c">[circa 1730]</subfield>
    </datafield>
  </record>