
  <record type="Bibliographic">
    <leader>     nM2.01200024      h</leader>
    <controlfield tag="001">AC04522121</controlfield>
    <controlfield tag="002">20050531</controlfield>
    <controlfield tag="005">20160831</controlfield>
    <datafield tag="044" ind1="#" ind2="#">
      <subfield code="c">XA-DXDE</subfield>
    </datafield>
    <datafield tag="041" ind1="#" ind2="7">
      <subfield code="a">lat</subfield>
    </datafield>
    <datafield tag="034" ind1="1" ind2="#">
      <subfield code="a">a</subfield>
      <subfield code="2">bound</subfield>
      <subfield code="b">1850000</subfield>
      <subfield code="d">E0184200</subfield>
      <subfield code="e">E0464400</subfield>
      <subfield code="f">N0485100</subfield>
      <subfield code="g">N0345300</subfield>
    </datafield>
    <datafield tag="655" ind1="#" ind2="7">
      <subfield code="a">Altkarte</subfield>
      <subfield code="9">(DE-588)4611904-8</subfield>
    </datafield>
    <datafield tag="100" ind1="1" ind2="#">
      <subfield code="a">Rhode, Johann Christian</subfield>
      <subfield code="d">1713-1786</subfield>
      <subfield code="9">(DE-588)103753877</subfield>
      <subfield code="4">ctg</subfield>
    </datafield>
    <datafield tag="245" ind1="0" ind2="0">
      <subfield code="a">Partes confines Trium Magnorum Imperiorum Austriaci Russici et Osmanic</subfield>
    </datafield>
    <datafield tag="255" ind1="#" ind2="#">
      <subfield code="a">circa 1:1 850 000</subfield>
    </datafield>
    <datafield tag="264" ind1="#" ind2="1">
      <subfield code="a">[Berlin]</subfield>
      <subfield code="b">Ausp. Acad. Reg. Scient. et Eleg. Litt.</subfield>
      <subfield code="c">MDCCLXXXV</subfield>
    </datafield>
  </record>