
  <record type="Bibliographic">
    <leader>00000nM2.01200024      h</leader>
    <controlfield tag="001">AC12239283</controlfield>
    <controlfield tag="002">20150409</controlfield>
    <controlfield tag="005">20160825</controlfield>
    <datafield tag="044" ind1="#" ind2="#">
      <subfield code="c">XA-DXDE</subfield>
    </datafield>
    <datafield tag="041" ind1="#" ind2="7">
      <subfield code="a">lat</subfield>
    </datafield>
    <datafield tag="655" ind1="#" ind2="7">
      <subfield code="a">Altkarte</subfield>
      <subfield code="9">(DE-588)4611904-8</subfield>
    </datafield>
    <datafield tag="100" ind1="1" ind2="#">
      <subfield code="a">Ritter, Franz</subfield>
      <subfield code="d">?-1641</subfield>
      <subfield code="9">(DE-588)100392660</subfield>
      <subfield code="4">ctg</subfield>
      <subfield code="4">egr</subfield>
    </datafield>
    <datafield tag="245" ind1="0" ind2="0">
      <subfield code="a">[Weltkarte]</subfield>
    </datafield>
    <datafield tag="255" ind1="#" ind2="#">
      <subfield code="a">Maßstab variiert</subfield>
    </datafield>
    <datafield tag="264" ind1="#" ind2="1">
      <subfield code="a">[Nürnberg]</subfield>
      <subfield code="b">[Fürst, Paul?]</subfield>
      <subfield code="c">1640</subfield>
    </datafield>
    <datafield tag="300" ind1="#" ind2="#">
      <subfield code="a">1 Karte</subfield>
    </datafield>
  </record>