
  <record type="Bibliographic">
    <leader>     nM2.01200024      h</leader>
    <controlfield tag="001">AC13304702</controlfield>
    <controlfield tag="002">20160826</controlfield>
    <controlfield tag="005">20160831</controlfield>
    <datafield tag="044" ind1="#" ind2="#">
      <subfield code="c">XA-GB</subfield>
    </datafield>
    <datafield tag="041" ind1="#" ind2="7">
      <subfield code="a">eng</subfield>
    </datafield>
    <datafield tag="034" ind1="1" ind2="#">
      <subfield code="a">a</subfield>
      <subfield code="b">46800000</subfield>
      <subfield code="d">W0331900</subfield>
      <subfield code="e">W0240200</subfield>
      <subfield code="f">N0722500</subfield>
      <subfield code="g">S0630000</subfield>
      <subfield code="2">bound</subfield>
    </datafield>
    <datafield tag="655" ind1="#" ind2="7">
      <subfield code="a">Altkarte</subfield>
      <subfield code="9">(DE-588)4611904-8</subfield>
    </datafield>
    <datafield tag="100" ind1="1" ind2="#">
      <subfield code="a">Roberts, Henry</subfield>
      <subfield code="d">1725-1796</subfield>
      <subfield code="9">(DE-588)1089788312</subfield>
    </datafield>
    <datafield tag="245" ind1="0" ind2="0">
      <subfield code="a">&lt;&lt;A&gt;&gt; General Chart Exhibiting the Discoveries made by Capt.n James Cook in this and his two preciding Voyages</subfield>
    </datafield>
    <datafield tag="255" ind1="#" ind2="#">
      <subfield code="a">circa 1:46 800 000 am Äquator</subfield>
    </datafield>
    <datafield tag="264" ind1="#" ind2="1">
      <subfield code="a">[London]</subfield>
      <subfield code="b">[G. Nicol and T. Cadell]</subfield>
      <subfield code="c">[1784]</subfield>
    </datafield>
    <datafield tag="700" ind1="1" ind2="#">
      <subfield code="a">Lodge, John</subfield>
      <subfield code="0">(DE-588)129668400</subfield>
      <subfield code="4">egr</subfield>
    </datafield>
  </record>