
  <record type="Bibliographic">
    <leader>00000nM2.01200024      h</leader>
    <controlfield tag="001">AC12376372</controlfield>
    <controlfield tag="002">20150707</controlfield>
    <controlfield tag="005">20160831</controlfield>
    <datafield tag="044" ind1="#" ind2="#">
      <subfield code="c">XA-DXDE</subfield>
    </datafield>
    <datafield tag="041" ind1="#" ind2="7">
      <subfield code="a">ger</subfield>
    </datafield>
    <datafield tag="034" ind1="1" ind2="#">
      <subfield code="d">E0155000</subfield>
      <subfield code="e">E0245600</subfield>
      <subfield code="f">N0482000</subfield>
      <subfield code="g">N0432900</subfield>
      <subfield code="2">bound</subfield>
    </datafield>
    <datafield tag="655" ind1="#" ind2="7">
      <subfield code="a">Altkarte</subfield>
      <subfield code="9">(DE-588)4611904-8</subfield>
    </datafield>
    <datafield tag="100" ind1="1" ind2="#">
      <subfield code="a">Sandrart, Jakob &lt;&lt;von&gt;&gt;</subfield>
      <subfield code="d">1630-1708</subfield>
      <subfield code="9">(DE-588)116801298</subfield>
      <subfield code="4">ctg</subfield>
    </datafield>
    <datafield tag="245" ind1="0" ind2="0">
      <subfield code="a">Neue Land-Tafel von Hungarn und dessen incorporirten Königreichen und Provinzen</subfield>
    </datafield>
    <datafield tag="255" ind1="#" ind2="#">
      <subfield code="a">circa 1:1 000 000</subfield>
    </datafield>
    <datafield tag="264" ind1="#" ind2="1">
      <subfield code="a">Nürnberg</subfield>
      <subfield code="b">Jacob Sandrart</subfield>
      <subfield code="c">[1664]</subfield>
    </datafield>
  </record>