
  <record type="Bibliographic">
    <leader>00000nM2.01200024      h</leader>
    <controlfield tag="001">AC12213379</controlfield>
    <controlfield tag="002">20150313</controlfield>
    <controlfield tag="005">20161003</controlfield>
    <datafield tag="044" ind1="#" ind2="#">
      <subfield code="c">XA-FR</subfield>
    </datafield>
    <datafield tag="041" ind1="#" ind2="7">
      <subfield code="a">fre</subfield>
    </datafield>
    <datafield tag="034" ind1="1" ind2="#">
      <subfield code="a">a</subfield>
      <subfield code="b">2600000</subfield>
      <subfield code="d">W0043600</subfield>
      <subfield code="e">E0095000</subfield>
      <subfield code="f">N0515400</subfield>
      <subfield code="g">N0420200</subfield>
      <subfield code="2">bound</subfield>
    </datafield>
    <datafield tag="655" ind1="#" ind2="7">
      <subfield code="a">Altkarte</subfield>
      <subfield code="9">(DE-588)4611904-8</subfield>
    </datafield>
    <datafield tag="100" ind1="1" ind2="#">
      <subfield code="a">Sanson, Nicolas</subfield>
      <subfield code="d">1600-1667</subfield>
      <subfield code="9">(DE-588)12360978X</subfield>
      <subfield code="4">ctg</subfield>
    </datafield>
    <datafield tag="245" ind1="0" ind2="0">
      <subfield code="a">Carte Geographicque des Postes qui traversent la France</subfield>
    </datafield>
    <datafield tag="255" ind1="#" ind2="#">
      <subfield code="a">circa 1:2 600 000</subfield>
    </datafield>
    <datafield tag="264" ind1="#" ind2="1">
      <subfield code="a">Paris</subfield>
      <subfield code="b">Par Melchior Tavernier</subfield>
      <subfield code="c">1632</subfield>
    </datafield>
    <datafield tag="700" ind1="1" ind2="#">
      <subfield code="a">Tavernier, Melchior</subfield>
      <subfield code="d">1564-1641</subfield>
      <subfield code="0">(DE-588)18843917X</subfield>
      <subfield code="4">egr</subfield>
      <subfield code="4">pbl</subfield>
    </datafield>
  </record>