
  <record type="Bibliographic">
    <leader>00000nM2.01200024      h</leader>
    <controlfield tag="001">AC12209932</controlfield>
    <controlfield tag="002">20150311</controlfield>
    <controlfield tag="005">20160321</controlfield>
    <datafield tag="044" ind1="#" ind2="#">
      <subfield code="c">XA-FR</subfield>
    </datafield>
    <datafield tag="041" ind1="#" ind2="7">
      <subfield code="a">fre</subfield>
    </datafield>
    <datafield tag="034" ind1="1" ind2="#">
      <subfield code="A">ac0</subfield>
      <subfield code="a">a</subfield>
      <subfield code="b">6500000</subfield>
      <subfield code="d">E0031900</subfield>
      <subfield code="e">E0443700</subfield>
      <subfield code="f">N0710900</subfield>
      <subfield code="g">N0533900</subfield>
    </datafield>
    <datafield tag="655" ind1="#" ind2="7">
      <subfield code="a">Altkarte</subfield>
      <subfield code="9">(DE-588)4611904-8</subfield>
    </datafield>
    <datafield tag="100" ind1="1" ind2="#">
      <subfield code="a">Sanson, Nicolas</subfield>
      <subfield code="d">1626-1648</subfield>
      <subfield code="9">(DE-588)129000868</subfield>
      <subfield code="4">ctg</subfield>
      <subfield code="4">edt</subfield>
    </datafield>
    <datafield tag="245" ind1="0" ind2="0">
      <subfield code="a">&lt;&lt;La&gt;&gt; Scandinavie Et les environs</subfield>
    </datafield>
    <datafield tag="255" ind1="#" ind2="#">
      <subfield code="a">Circa 1:6 500 000</subfield>
    </datafield>
    <datafield tag="264" ind1="#" ind2="1">
      <subfield code="a">Paris</subfield>
      <subfield code="b">chez l'Autheur avec privilege</subfield>
      <subfield code="c">1647</subfield>
    </datafield>
  </record>