
  <record type="Bibliographic">
    <leader>00000nM2.01200024      u</leader>
    <controlfield tag="001">AC12240105</controlfield>
    <controlfield tag="002">20150409</controlfield>
    <controlfield tag="005">20160706</controlfield>
    <datafield tag="773" ind1="0" ind2="#">
      <subfield code="w">AC03745321</subfield>
    </datafield>
    <datafield tag="034" ind1="1" ind2="#">
      <subfield code="a">a</subfield>
      <subfield code="b">2592000</subfield>
      <subfield code="d">E0522600</subfield>
      <subfield code="e">E0764300</subfield>
      <subfield code="f">N0670600</subfield>
      <subfield code="g">N0564200</subfield>
      <subfield code="2">bound</subfield>
    </datafield>
    <datafield tag="655" ind1="#" ind2="7">
      <subfield code="a">Altkarte</subfield>
      <subfield code="9">(DE-588)4611904-8</subfield>
    </datafield>
    <datafield tag="245" ind1="0" ind2="0">
      <subfield code="n">5</subfield>
    </datafield>
    <datafield tag="773" ind1="0" ind2="#">
      <subfield code="a">5</subfield>
    </datafield>
    <datafield tag="245" ind1="0" ind2="0">
      <subfield code="a">[Westsibirien]</subfield>
    </datafield>
    <datafield tag="264" ind1="#" ind2="1">
      <subfield code="a">Wien</subfield>
      <subfield code="b">Artaria</subfield>
      <subfield code="c">1872</subfield>
    </datafield>
    <datafield tag="300" ind1="#" ind2="#">
      <subfield code="a">1 Karte</subfield>
    </datafield>
  </record>