
  <record type="Bibliographic">
    <leader>     nM2.01200024      u</leader>
    <controlfield tag="001">AC12239819</controlfield>
    <controlfield tag="002">20150409</controlfield>
    <controlfield tag="005">20160706</controlfield>
    <datafield tag="773" ind1="0" ind2="#">
      <subfield code="w">AC03745321</subfield>
    </datafield>
    <datafield tag="034" ind1="1" ind2="#">
      <subfield code="a">a</subfield>
      <subfield code="b">2592000</subfield>
      <subfield code="d">W0251100</subfield>
      <subfield code="e">W0213300</subfield>
      <subfield code="f">N0654000</subfield>
      <subfield code="g">N0633100</subfield>
      <subfield code="2">bound</subfield>
    </datafield>
    <datafield tag="655" ind1="#" ind2="7">
      <subfield code="a">Altkarte</subfield>
      <subfield code="9">(DE-588)4611904-8</subfield>
    </datafield>
    <datafield tag="245" ind1="0" ind2="0">
      <subfield code="n">1</subfield>
    </datafield>
    <datafield tag="773" ind1="0" ind2="#">
      <subfield code="a">1</subfield>
    </datafield>
    <datafield tag="245" ind1="0" ind2="0">
      <subfield code="a">[Titelei]</subfield>
    </datafield>
    <datafield tag="264" ind1="#" ind2="1">
      <subfield code="a">Wien</subfield>
      <subfield code="b">Artaria</subfield>
      <subfield code="c">1872</subfield>
    </datafield>
  </record>