
  <record type="Bibliographic">
    <leader>     nM2.01200024      h</leader>
    <controlfield tag="001">AC03745321</controlfield>
    <controlfield tag="002">20030613</controlfield>
    <controlfield tag="005">20160706</controlfield>
    <datafield tag="044" ind1="#" ind2="#">
      <subfield code="c">XA-AAAT</subfield>
    </datafield>
    <datafield tag="041" ind1="#" ind2="7">
      <subfield code="a">ger</subfield>
    </datafield>
    <datafield tag="034" ind1="1" ind2="#">
      <subfield code="a">a</subfield>
      <subfield code="b">2592000</subfield>
      <subfield code="d">W0274100</subfield>
      <subfield code="e">E0534400</subfield>
      <subfield code="f">N0712100</subfield>
      <subfield code="g">N0300100</subfield>
      <subfield code="2">bound</subfield>
    </datafield>
    <datafield tag="655" ind1="#" ind2="7">
      <subfield code="a">Altkarte</subfield>
      <subfield code="9">(DE-588)4611904-8</subfield>
    </datafield>
    <datafield tag="100" ind1="1" ind2="#">
      <subfield code="a">Scheda, Joseph &lt;&lt;von&gt;&gt;</subfield>
      <subfield code="d">1815-1888</subfield>
      <subfield code="9">(DE-588)117620335</subfield>
      <subfield code="4">ctg</subfield>
    </datafield>
    <datafield tag="245" ind1="0" ind2="0">
      <subfield code="a">General-Karte von Europa in 25 Blättern</subfield>
    </datafield>
    <datafield tag="250" ind1="#" ind2="#">
      <subfield code="a">Neueste Auflage mit besonderer Berücksichtigung der Eisenbahnen</subfield>
    </datafield>
    <datafield tag="255" ind1="#" ind2="#">
      <subfield code="a">1:2 592 000</subfield>
    </datafield>
    <datafield tag="264" ind1="#" ind2="1">
      <subfield code="a">Wien</subfield>
      <subfield code="b">Artaria</subfield>
      <subfield code="c">1872</subfield>
    </datafield>
    <datafield tag="700" ind1="1" ind2="#">
      <subfield code="a">Artaria und Compagnie</subfield>
      <subfield code="h">Wien</subfield>
      <subfield code="0">(DE-588)2030321-X</subfield>
      <subfield code="4">pbl</subfield>
    </datafield>
  </record>