
  <record type="Bibliographic">
    <leader>00000nM2.01000024      h</leader>
    <controlfield tag="001">AC12708991</controlfield>
    <controlfield tag="002">20151209</controlfield>
    <controlfield tag="005">20160706</controlfield>
    <datafield tag="044" ind1="#" ind2="#">
      <subfield code="c">XA-DXDE</subfield>
    </datafield>
    <datafield tag="041" ind1="#" ind2="7">
      <subfield code="a">lat</subfield>
    </datafield>
    <datafield tag="034" ind1="1" ind2="#">
      <subfield code="a">a</subfield>
      <subfield code="b">50000000</subfield>
      <subfield code="d">W1212700</subfield>
      <subfield code="e">W0121600</subfield>
      <subfield code="f">N0712300</subfield>
      <subfield code="g">N0082700</subfield>
      <subfield code="2">bound</subfield>
    </datafield>
    <datafield tag="655" ind1="#" ind2="7">
      <subfield code="a">Altkarte</subfield>
      <subfield code="9">(DE-588)4611904-8</subfield>
    </datafield>
    <datafield tag="100" ind1="1" ind2="#">
      <subfield code="a">Seutter, Matthäus</subfield>
      <subfield code="d">1678-1757</subfield>
      <subfield code="9">(DE-588)118613537</subfield>
    </datafield>
    <datafield tag="245" ind1="0" ind2="0">
      <subfield code="a">America Meridionalis</subfield>
    </datafield>
    <datafield tag="255" ind1="#" ind2="#">
      <subfield code="a">circa 1:1:50 000 000</subfield>
    </datafield>
    <datafield tag="264" ind1="#" ind2="1">
      <subfield code="a">Augsburg</subfield>
      <subfield code="b">Anjezo im Verlag bey Tobias Conrad Lotter</subfield>
      <subfield code="c">[circa 1750]</subfield>
    </datafield>
    <datafield tag="700" ind1="1" ind2="#">
      <subfield code="a">Lotter, Tobias Conrad</subfield>
      <subfield code="d">1717-1777</subfield>
      <subfield code="0">(DE-588)123382432</subfield>
      <subfield code="4">egr</subfield>
      <subfield code="4">pbl</subfield>
    </datafield>
  </record>