
  <record type="Bibliographic">
    <leader>00000nM2.01200024      h</leader>
    <controlfield tag="001">AC12694716</controlfield>
    <controlfield tag="002">20151124</controlfield>
    <controlfield tag="005">20160913</controlfield>
    <datafield tag="044" ind1="#" ind2="#">
      <subfield code="c">XA-DXDE</subfield>
    </datafield>
    <datafield tag="041" ind1="#" ind2="7">
      <subfield code="a">lat</subfield>
    </datafield>
    <datafield tag="034" ind1="1" ind2="#">
      <subfield code="a">a</subfield>
      <subfield code="b">2300000</subfield>
      <subfield code="d">W0781300</subfield>
      <subfield code="e">W0661600</subfield>
      <subfield code="f">N0443000</subfield>
      <subfield code="g">N0362800</subfield>
      <subfield code="2">bound</subfield>
    </datafield>
    <datafield tag="655" ind1="#" ind2="7">
      <subfield code="a">Altkarte</subfield>
      <subfield code="9">(DE-588)4611904-8</subfield>
    </datafield>
    <datafield tag="100" ind1="1" ind2="#">
      <subfield code="a">Seutter, Matthäus</subfield>
      <subfield code="d">1678-1757</subfield>
      <subfield code="9">(DE-588)118613537</subfield>
      <subfield code="4">ctg</subfield>
    </datafield>
    <datafield tag="245" ind1="0" ind2="0">
      <subfield code="a">Recens Edita totius Novi Belgii, in America Septentrionali siti</subfield>
    </datafield>
    <datafield tag="255" ind1="#" ind2="#">
      <subfield code="a">Circa 1:2 300 000</subfield>
    </datafield>
    <datafield tag="264" ind1="#" ind2="1">
      <subfield code="a">Augustani</subfield>
      <subfield code="b">cura et sumtibus Matthæi Seutteri</subfield>
      <subfield code="c">[zwischen 1707 und 1727]</subfield>
    </datafield>
    <datafield tag="300" ind1="#" ind2="#">
      <subfield code="a">1 Karte</subfield>
    </datafield>
    <datafield tag="751" ind1="#" ind2="#">
      <subfield code="a">Augsburg</subfield>
      <subfield code="0">(DE-588)4003614-5</subfield>
    </datafield>
    <datafield tag="700" ind1="1" ind2="#">
      <subfield code="a">Seutter, Matthäus</subfield>
      <subfield code="d">1678-1757</subfield>
      <subfield code="0">(DE-588)118613537</subfield>
      <subfield code="4">pbl</subfield>
      <subfield code="4">egr</subfield>
    </datafield>
  </record>