
  <record type="Bibliographic">
    <leader>00868nM2.01200024      h</leader>
    <controlfield tag="001">AC08770684</controlfield>
    <controlfield tag="003">20111005</controlfield>
    <controlfield tag="005">20160831</controlfield>
    <datafield tag="044" ind1="#" ind2="#">
      <subfield code="c">XA-PT</subfield>
    </datafield>
    <datafield tag="041" ind1="#" ind2="7">
      <subfield code="a">por</subfield>
    </datafield>
    <datafield tag="034" ind1="1" ind2="#">
      <subfield code="d">E1132509</subfield>
      <subfield code="e">E1133748</subfield>
      <subfield code="f">N0222004</subfield>
      <subfield code="g">N0220203</subfield>
      <subfield code="2">bound</subfield>
    </datafield>
    <datafield tag="655" ind1="#" ind2="7">
      <subfield code="a">Altkarte</subfield>
      <subfield code="9">(DE-588)4611904-8</subfield>
    </datafield>
    <datafield tag="245" ind1="0" ind2="0">
      <subfield code="a">Macao</subfield>
    </datafield>
    <datafield tag="255" ind1="#" ind2="#">
      <subfield code="a">Circa 1:14 000</subfield>
    </datafield>
    <datafield tag="264" ind1="#" ind2="1">
      <subfield code="a">[Lisboa]</subfield>
      <subfield code="b">[Craesbeeck de Mello]</subfield>
      <subfield code="c">[1675]</subfield>
    </datafield>
  </record>