
  <record type="Bibliographic">
    <leader>     nM2.01200024      h</leader>
    <controlfield tag="001">AC03907309</controlfield>
    <controlfield tag="002">20031201</controlfield>
    <controlfield tag="005">20160826</controlfield>
    <datafield tag="044" ind1="#" ind2="#">
      <subfield code="c">XA-DXDE</subfield>
    </datafield>
    <datafield tag="041" ind1="#" ind2="7">
      <subfield code="a">lat</subfield>
    </datafield>
    <datafield tag="034" ind1="1" ind2="#">
      <subfield code="a">a</subfield>
      <subfield code="2">bound</subfield>
      <subfield code="b">144000</subfield>
      <subfield code="d">E0142700</subfield>
      <subfield code="e">E0170400</subfield>
      <subfield code="f">N0490100</subfield>
      <subfield code="g">N0472500</subfield>
    </datafield>
    <datafield tag="100" ind1="1" ind2="#">
      <subfield code="a">Vischer, Georg Matthäus</subfield>
      <subfield code="d">1628-1695</subfield>
      <subfield code="9">(DE-588)118768646</subfield>
      <subfield code="4">ctg</subfield>
    </datafield>
    <datafield tag="245" ind1="0" ind2="0">
      <subfield code="a">Archiducatus Austriae Inferioris Geographica et Noviter Emendata Accuratissima Descriptio</subfield>
    </datafield>
    <datafield tag="250" ind1="#" ind2="#">
      <subfield code="a">[2. Ausgabe]</subfield>
    </datafield>
    <datafield tag="255" ind1="#" ind2="#">
      <subfield code="a">circa 1:144 000</subfield>
    </datafield>
    <datafield tag="264" ind1="#" ind2="1">
      <subfield code="a">[Wien]</subfield>
      <subfield code="b">[kein Verlag ermittelbar]</subfield>
      <subfield code="c">1697</subfield>
    </datafield>
    <datafield tag="700" ind1="1" ind2="#">
      <subfield code="a">Hofmann, Johann Jakob</subfield>
      <subfield code="d">1656-1709</subfield>
      <subfield code="0">(DE-588)1112341498</subfield>
      <subfield code="4">egr</subfield>
    </datafield>
    <datafield tag="700" ind1="1" ind2="#">
      <subfield code="a">Hermundt, Johannes</subfield>
      <subfield code="d">ca. 1. H. 18. Jh.</subfield>
      <subfield code="0">(DE-588)139873570</subfield>
      <subfield code="4">egr</subfield>
    </datafield>
  </record>