
  <record type="Bibliographic">
    <leader>00000nM2.01200024      h</leader>
    <controlfield tag="001">AC12247898</controlfield>
    <controlfield tag="002">20150417</controlfield>
    <controlfield tag="005">20160706</controlfield>
    <datafield tag="044" ind1="#" ind2="#">
      <subfield code="c">XA-DXDE</subfield>
    </datafield>
    <datafield tag="041" ind1="#" ind2="7">
      <subfield code="a">lat</subfield>
    </datafield>
    <datafield tag="034" ind1="1" ind2="#">
      <subfield code="a">a</subfield>
      <subfield code="b">35000000</subfield>
      <subfield code="d">W1800000</subfield>
      <subfield code="e">E1800000</subfield>
      <subfield code="f">S0470100</subfield>
      <subfield code="g">S0900000</subfield>
      <subfield code="2">bound</subfield>
    </datafield>
    <datafield tag="655" ind1="#" ind2="7">
      <subfield code="a">Altkarte</subfield>
      <subfield code="9">(DE-588)4611904-8</subfield>
    </datafield>
    <datafield tag="100" ind1="1" ind2="#">
      <subfield code="a">Weigel, Christoph</subfield>
      <subfield code="d">1654-1725</subfield>
      <subfield code="9">(DE-588)118630067</subfield>
    </datafield>
    <datafield tag="245" ind1="0" ind2="0">
      <subfield code="a">Facies poli antarctici ex recentissimis itinerariis</subfield>
    </datafield>
    <datafield tag="255" ind1="#" ind2="#">
      <subfield code="a">circa 1:3 500 000</subfield>
    </datafield>
    <datafield tag="264" ind1="#" ind2="1">
      <subfield code="c">[1718]</subfield>
    </datafield>
    <datafield tag="300" ind1="#" ind2="#">
      <subfield code="a">1 Karte</subfield>
    </datafield>
    <datafield tag="773" ind1="#" ind2="#">
      <subfield code="t">&lt;&lt;Johann David Koehlers Historiarum &amp; Politices Professoris Publici auf der Nürnbergischen Universitaet Altdorff&gt;&gt; Bequemer Schul- und Reisen-Atlasausgefertiget von Christoph Weigeln / Kunsthändlern in Nürnberg</subfield>
    </datafield>
    <datafield tag="773" ind1="#" ind2="#">
      <subfield code="d">Nürnberg</subfield>
    </datafield>
    <datafield tag="773" ind1="#" ind2="#">
      <subfield code="d">1718</subfield>
    </datafield>
    <datafield tag="773" ind1="#" ind2="#">
      <subfield code="g">7</subfield>
    </datafield>
    <datafield tag="773" ind1="#" ind2="#">
      <subfield code="w">AC09369655</subfield>
    </datafield>
  </record>