
  <record type="Bibliographic">
    <leader>01038nM2.01200024      h</leader>
    <controlfield tag="001">AC13302678</controlfield>
    <controlfield tag="002">20160824</controlfield>
    <controlfield tag="005">20160830</controlfield>
    <datafield tag="044" ind1="#" ind2="#">
      <subfield code="c">XA-IT</subfield>
    </datafield>
    <datafield tag="041" ind1="#" ind2="7">
      <subfield code="a">ita</subfield>
    </datafield>
    <datafield tag="034" ind1="1" ind2="#">
      <subfield code="a">a</subfield>
      <subfield code="2">bound</subfield>
      <subfield code="b">1000000</subfield>
      <subfield code="d">W0434400</subfield>
      <subfield code="e">E0524400</subfield>
      <subfield code="f">N0671300</subfield>
      <subfield code="g">S0360300</subfield>
    </datafield>
    <datafield tag="655" ind1="#" ind2="7">
      <subfield code="a">Altkarte</subfield>
      <subfield code="9">(DE-588)4611904-8</subfield>
    </datafield>
    <datafield tag="100" ind1="1" ind2="#">
      <subfield code="a">Zenoi, Domenico</subfield>
      <subfield code="9">(DE-588)1089366256</subfield>
      <subfield code="4">ctg</subfield>
      <subfield code="4">egr</subfield>
    </datafield>
    <datafield tag="245" ind1="0" ind2="0">
      <subfield code="a">Al Mag.co S.or Francesco Scaridino Non mi parea cosa convenie[n]te ch'io Cassiasi andar fuora l'Europa, con la giuta del'africa, et parte del'asia senza ch'io le segnasoi nel Fronte nome honorato, si onde essa nun fusse isprezzata ó, almeno risbeltaia la onae nom sorio posulto in aliso compiaccre as pave di V. S. che per I gra meróli suoi pelvano esser scudo contro el biajmo di guessi che molto sano, ó al giudicio di guessi che frappe senerri nel censurar le altrui cose sono la riccua dun gue il core affetionato alla natia bonta di V. S. alla qualle hunulmente m’incefimo di padova 1570 D[ome]n[i]co Zenoni. / Oratio Beteli</subfield>
    </datafield>
    <datafield tag="255" ind1="#" ind2="#">
      <subfield code="a">Circa 1:45 000 000</subfield>
    </datafield>
    <datafield tag="264" ind1="#" ind2="1">
      <subfield code="a">Padova</subfield>
      <subfield code="b">Oratio Bertelli</subfield>
      <subfield code="c">1570</subfield>
    </datafield>
  </record>