
  <record type="Bibliographic">
    <leader>     nM2.01200024      h</leader>
    <controlfield tag="001">AC13301550</controlfield>
    <controlfield tag="002">20160823</controlfield>
    <controlfield tag="005">20160824</controlfield>
    <datafield tag="044" ind1="#" ind2="#">
      <subfield code="c">XA-IT</subfield>
    </datafield>
    <datafield tag="041" ind1="#" ind2="7">
      <subfield code="a">ita</subfield>
    </datafield>
    <datafield tag="034" ind1="1" ind2="#">
      <subfield code="a">a</subfield>
      <subfield code="b">1000000</subfield>
      <subfield code="d">E0162131</subfield>
      <subfield code="e">E0162308</subfield>
      <subfield code="f">N0481305</subfield>
      <subfield code="g">N0481202</subfield>
      <subfield code="2">bound</subfield>
    </datafield>
    <datafield tag="655" ind1="#" ind2="7">
      <subfield code="a">Altkarte</subfield>
      <subfield code="9">(DE-588)4611904-8</subfield>
    </datafield>
    <datafield tag="100" ind1="1" ind2="#">
      <subfield code="a">Zenoi, Domenico</subfield>
      <subfield code="9">(DE-588)1089366256</subfield>
      <subfield code="4">ctg</subfield>
      <subfield code="4">egr</subfield>
    </datafield>
    <datafield tag="245" ind1="0" ind2="0">
      <subfield code="a">Vienna</subfield>
    </datafield>
    <datafield tag="255" ind1="#" ind2="#">
      <subfield code="a">circa 1:6 500</subfield>
    </datafield>
    <datafield tag="264" ind1="#" ind2="1">
      <subfield code="a">Venetia</subfield>
      <subfield code="b">all' insegna della Colonna</subfield>
      <subfield code="c">1567</subfield>
    </datafield>
    <datafield tag="700" ind1="1" ind2="#">
      <subfield code="a">Zaltieri, Bolognino</subfield>
      <subfield code="0">(DE-588)124797148</subfield>
      <subfield code="4">prt</subfield>
    </datafield>
  </record>