
  <record type="Bibliographic">
    <leader>00000nM2.01200024||||||h</leader>
    <controlfield tag="001">AC13303867</controlfield>
    <controlfield tag="002">20160825</controlfield>
    <datafield tag="044" ind1="#" ind2="#">
      <subfield code="c">FR</subfield>
    </datafield>
    <datafield tag="041" ind1="#" ind2="7">
      <subfield code="a">fre</subfield>
    </datafield>
    <datafield tag="034" ind1="1" ind2="#">
      <subfield code="a">a</subfield>
      <subfield code="b">2400000</subfield>
      <subfield code="d">E0180200</subfield>
      <subfield code="e">E0380800</subfield>
      <subfield code="f">N0414500</subfield>
      <subfield code="g">N0292700</subfield>
      <subfield code="2">bound</subfield>
    </datafield>
    <datafield tag="655" ind1="#" ind2="7">
      <subfield code="a">Altkarte</subfield>
      <subfield code="9">(DE-588)4611904-8</subfield>
    </datafield>
    <datafield tag="245" ind1="0" ind2="0">
      <subfield code="a">Mer Mediterranée</subfield>
    </datafield>
    <datafield tag="264" ind1="#" ind2="1">
      <subfield code="a">Paris</subfield>
      <subfield code="c">1745</subfield>
    </datafield>
  </record>