
  <record type="Bibliographic">
    <leader>00000nM2.01200024      h</leader>
    <controlfield tag="001">AC13304501</controlfield>
    <controlfield tag="002">20160826</controlfield>
    <controlfield tag="005">20160831</controlfield>
    <datafield tag="044" ind1="#" ind2="#">
      <subfield code="c">XA-RU</subfield>
    </datafield>
    <datafield tag="041" ind1="#" ind2="7">
      <subfield code="a">rus</subfield>
    </datafield>
    <datafield tag="034" ind1="1" ind2="#">
      <subfield code="a">a</subfield>
      <subfield code="2">bound</subfield>
      <subfield code="b">7000000</subfield>
      <subfield code="d">W0950000</subfield>
      <subfield code="e">W0250000</subfield>
      <subfield code="f">S0500000</subfield>
      <subfield code="g">S0700000</subfield>
    </datafield>
    <datafield tag="655" ind1="#" ind2="7">
      <subfield code="a">Altkarte</subfield>
      <subfield code="9">(DE-588)4611904-8</subfield>
    </datafield>
    <datafield tag="245" ind1="0" ind2="0">
      <subfield code="a">Merkatorskaja Karta časti južnago okeana Okolo mysa Gorna</subfield>
    </datafield>
    <datafield tag="765" ind1="0" ind2="#">
      <subfield code="t">ΜΕΡΑΤΟΡСКΑЯ Карта части Южного океана вокруг мыса Горн</subfield>
    </datafield>
    <datafield tag="255" ind1="#" ind2="#">
      <subfield code="a">circa 1:7 000 000</subfield>
    </datafield>
    <datafield tag="264" ind1="#" ind2="1">
      <subfield code="a">[St. Petersburg]</subfield>
      <subfield code="b">[kein Verlag ermittelbar]</subfield>
      <subfield code="c">[circa 1825]</subfield>
    </datafield>
  </record>