
  <record type="Bibliographic">
    <leader>     nM2.01200024      u</leader>
    <controlfield tag="001">AC03753347</controlfield>
    <controlfield tag="002">20030625</controlfield>
    <controlfield tag="005">20160830</controlfield>
    <datafield tag="773" ind1="0" ind2="#">
      <subfield code="w">AC03752655</subfield>
    </datafield>
    <datafield tag="034" ind1="1" ind2="#">
      <subfield code="a">a</subfield>
      <subfield code="b">43200</subfield>
      <subfield code="d">E0152141</subfield>
      <subfield code="e">E0154323</subfield>
      <subfield code="f">N0473703</subfield>
      <subfield code="g">N0472825</subfield>
      <subfield code="2">bound</subfield>
    </datafield>
    <datafield tag="773" ind1="0" ind2="#">
      <subfield code="a">Kri</subfield>
    </datafield>
    <datafield tag="245" ind1="0" ind2="0">
      <subfield code="a">Umgebung von Krieglach</subfield>
    </datafield>
    <datafield tag="264" ind1="#" ind2="3">
      <subfield code="a">Wien</subfield>
      <subfield code="b">[Druckerei des k.k. militär geographischen Instituts]</subfield>
      <subfield code="c">[1860?]</subfield>
    </datafield>
  </record>