
  <record type="Bibliographic">
    <leader>     nM2.01200024      u</leader>
    <controlfield tag="001">AC04246197</controlfield>
    <controlfield tag="002">20040913</controlfield>
    <controlfield tag="005">20160321</controlfield>
    <datafield tag="773" ind1="0" ind2="#">
      <subfield code="w">AC03752655</subfield>
    </datafield>
    <datafield tag="034" ind1="1" ind2="#">
      <subfield code="A">ac0</subfield>
      <subfield code="a">a</subfield>
      <subfield code="b">34200</subfield>
      <subfield code="d">E0154234</subfield>
      <subfield code="e">E0160406</subfield>
      <subfield code="f">N0475546</subfield>
      <subfield code="g">N0474639</subfield>
    </datafield>
    <datafield tag="773" ind1="0" ind2="#">
      <subfield code="a">Gut</subfield>
    </datafield>
    <datafield tag="245" ind1="0" ind2="0">
      <subfield code="a">Umgebung von Gutenstein</subfield>
    </datafield>
    <datafield tag="264" ind1="#" ind2="3">
      <subfield code="a">Wien</subfield>
      <subfield code="b">[Druckerei des k.k. militär geographischen Instituts]</subfield>
      <subfield code="c">[1860?]</subfield>
    </datafield>
  </record>