
  <record type="Bibliographic">
    <leader>     nM2.01200024      h</leader>
    <controlfield tag="001">AC03752655</controlfield>
    <controlfield tag="002">20030624</controlfield>
    <controlfield tag="005">20160321</controlfield>
    <datafield tag="044" ind1="#" ind2="#">
      <subfield code="c">XA-AAAT</subfield>
    </datafield>
    <datafield tag="041" ind1="#" ind2="7">
      <subfield code="a">ger</subfield>
    </datafield>
    <datafield tag="655" ind1="#" ind2="7">
      <subfield code="a">Karte</subfield>
      <subfield code="9">(DE-588)4029783-4</subfield>
    </datafield>
    <datafield tag="110" ind1="2" ind2="#">
      <subfield code="a">Kaiserlich-Königliches Militär-Geographisches Institut</subfield>
      <subfield code="g">Wien</subfield>
      <subfield code="0">(DE-588)118693-0</subfield>
      <subfield code="4">isb</subfield>
    </datafield>
    <datafield tag="245" ind1="0" ind2="0">
      <subfield code="a">Umgebungen von Wien</subfield>
    </datafield>
    <datafield tag="255" ind1="#" ind2="#">
      <subfield code="a">1:43 200</subfield>
    </datafield>
    <datafield tag="264" ind1="#" ind2="3">
      <subfield code="a">Wien</subfield>
      <subfield code="b">[Druckerei des k.k. militär geographischen Instituts]</subfield>
      <subfield code="c">[1860?]</subfield>
    </datafield>
    <datafield tag="300" ind1="#" ind2="#">
      <subfield code="a">1 Karte in 10 Blätter</subfield>
    </datafield>
  </record>