
  <record type="Bibliographic">
    <leader>     nM2.01200024      u</leader>
    <controlfield tag="001">AC04246138</controlfield>
    <controlfield tag="002">20040913</controlfield>
    <controlfield tag="005">20160830</controlfield>
    <datafield tag="773" ind1="0" ind2="#">
      <subfield code="w">AC03752655</subfield>
    </datafield>
    <datafield tag="034" ind1="1" ind2="#">
      <subfield code="a">a</subfield>
      <subfield code="b">43200</subfield>
      <subfield code="d">E0160409</subfield>
      <subfield code="e">E0162531</subfield>
      <subfield code="f">N0480512</subfield>
      <subfield code="g">N0475600</subfield>
      <subfield code="2">bound</subfield>
    </datafield>
    <datafield tag="655" ind1="#" ind2="7">
      <subfield code="a">Karte</subfield>
      <subfield code="9">(DE-588)4029783-4</subfield>
    </datafield>
    <datafield tag="773" ind1="0" ind2="#">
      <subfield code="a">Bad</subfield>
    </datafield>
    <datafield tag="245" ind1="0" ind2="0">
      <subfield code="a">Umgebung von Baaden</subfield>
    </datafield>
    <datafield tag="246" ind1="0" ind2="3">
      <subfield code="a">Umgebung von Baden</subfield>
    </datafield>
    <datafield tag="255" ind1="#" ind2="#">
      <subfield code="a">1:43 200</subfield>
    </datafield>
    <datafield tag="264" ind1="#" ind2="3">
      <subfield code="a">Wien</subfield>
      <subfield code="b">[Druckerei des k.k. militär geographischen Instituts]</subfield>
      <subfield code="c">[1860?]</subfield>
    </datafield>
  </record>